<record><leader>02331cam a2200385 i 4500</leader><controlfield tag="001">6677818</controlfield><controlfield tag="003">FlBoTFG</controlfield><controlfield tag="005">20140910124938.0</controlfield><controlfield tag="006">m    ||  d |      </controlfield><controlfield tag="007">cr |||</controlfield><controlfield tag="008">140910t20152015flua    ob    001 0 eng d</controlfield><datafield ind1=" " ind2=" " tag="020"><subfield code="a">9789814463447 (e-book : PDF)</subfield></datafield><datafield ind1=" " ind2=" " tag="035"><subfield code="a">ocn890721273</subfield></datafield><datafield ind1=" " ind2=" " tag="039"><subfield code="a">exclude</subfield></datafield><datafield ind1=" " ind2=" " tag="040"><subfield code="a">FlBoTFG</subfield><subfield code="b">eng</subfield><subfield code="c">FlBoTFG</subfield><subfield code="e">rda</subfield><subfield code="d">AEU</subfield></datafield><datafield ind1=" " ind2="4" tag="050"><subfield code="a">R857.C4</subfield><subfield code="b">H47 2015</subfield></datafield><datafield ind1="0" ind2=" " tag="082"><subfield code="a">610.28</subfield><subfield code="b">H552</subfield></datafield><datafield ind1=" " ind2=" " tag="090"><subfield code="a">Internet Access</subfield><subfield code="b">AEU</subfield></datafield><datafield ind1="1" ind2=" " tag="100"><subfield code="a">Hermansson, Leif,</subfield><subfield code="e">author.</subfield></datafield><datafield ind1="1" ind2="0" tag="245"><subfield code="a">Nanostructural bioceramics :</subfield><subfield code="b">advances in chemically bonded ceramics /</subfield><subfield code="c">Leif Hermansson.</subfield></datafield><datafield ind1=" " ind2="1" tag="264"><subfield code="a">Boca Raton :</subfield><subfield code="b">CRC Press,</subfield><subfield code="c">[2015]</subfield></datafield><datafield ind1=" " ind2="4" tag="264"><subfield code="c">&#169;2015</subfield></datafield><datafield ind1=" " ind2=" " tag="300"><subfield code="a">1 online resource :</subfield><subfield code="b">text file, PDF</subfield></datafield><datafield ind1=" " ind2=" " tag="336"><subfield code="a">text</subfield><subfield code="2">rdacontent</subfield></datafield><datafield ind1=" " ind2=" " tag="337"><subfield code="a">computer</subfield><subfield code="2">rdamedia</subfield></datafield><datafield ind1=" " ind2=" " tag="338"><subfield code="a">online resource</subfield><subfield code="2">rdacarrier</subfield></datafield><datafield ind1=" " ind2=" " tag="504"><subfield code="a">Includes bibliographical references and index.</subfield></datafield><datafield ind1="0" ind2=" " tag="505"><subfield code="a">1. Introduction to nanostructural chemically bonded bioceramics -- 2. Structures of hard tissue and the importance of in situ-, in vivo-formed bioceramics -- 3. Overview of chemical reactions, processing, and properties -- 4. Additives used in chemically bonded bioceramics -- 5. Test methods with special reference to nanostructural chemically bonded bioceramics -- 6. Why even difficult to avoid nanostructures in chemically bonded bioceramics? -- 7. Nanostructures and related properties -- 8. Nanostructures and specific properties -- 9. Dental applications within chemically bonded bioceramics -- 10. Orthopaedic applications within nanostructural chemically bonded bioceramics -- 11. Carriers for drug delivery based on nanostructural chemically bonded bioceramics -- 12. Clinical observations and testing -- 13. Classification and summary of beneficial features of nanostructural chemically bonded bioceramics -- 14. Future aspects of nanostructural chemically bonded bioceramics.</subfield></datafield><datafield ind1=" " ind2=" " tag="506"><subfield code="a">Access restricted to authorized users and institutions.</subfield></datafield><datafield ind1=" " ind2=" " tag="596"><subfield code="a">44</subfield></datafield><datafield ind1=" " ind2="0" tag="650"><subfield code="a">Ceramics in medicine.</subfield></datafield><datafield ind1=" " ind2="0" tag="650"><subfield code="a">Nanostructured materials.</subfield></datafield><datafield ind1="4" ind2="0" tag="856"><subfield code="3">University of Alberta Access</subfield><subfield code="u">http://marc.crcnetbase.com/isbn/9789814463447</subfield><subfield code="z">(Unlimited Concurrent Users)</subfield></datafield><datafield ind1=" " ind2=" " tag="949"><subfield code="h">UAIN</subfield><subfield code="z">CRC</subfield></datafield><datafield ind1=" " ind2=" " tag="926"><subfield code="a">Internet Access</subfield><subfield code="w">LC</subfield><subfield code="c">1</subfield><subfield code="i">6677818-1001</subfield><subfield code="l">INTERNET</subfield><subfield code="m">UAINTERNET</subfield><subfield code="r">Y</subfield><subfield code="s">Y</subfield><subfield code="t">E-RESOURCE</subfield><subfield code="u">9/15/2014</subfield><subfield code="x">E-BOOK</subfield><subfield code="z">CRC</subfield></datafield></record>